
@online{tran_eclipse_nodate,
	title = {Eclipse Season Starts for {NASA}'s {SDO}},
	url = {https://solarsystem.nasa.gov/news/325/eclipse-season-starts-for-nasas-sdo},
	abstract = {{SDO}’s eclipse season is a three-week period that comes twice a year near the equinoxes during which Earth blocks {SDO}’s view of the Sun for a short while each day.},
	titleaddon = {{NASA} Solar System Exploration},
	author = {Tran, Lina},
	urldate = {2022-09-06},
	file = {Snapshot:/home/hasith/Zotero/storage/ZZ88XUWE/eclipse-season-starts-for-nasas-sdo.html:text/html},
}

@online{noauthor_atmospheric_nodate,
	title = {Atmospheric Imaging Assembly},
	url = {https://aia.lmsal.com/public/instrument.htm},
	urldate = {2022-09-06},
	file = {Atmospheric Imaging Assembly:/home/hasith/Zotero/storage/IWEZZAMH/instrument.html:text/html},
}

@article{deroa_guide_2020,
	title = {Guide to {SDO} Data Analysis},
	url = {https://www.lmsal.com/sdodocs/doc?cmd=dcur&proj_num=SDOD0060&file_type=pdf},
	pages = {99},
	author = {{DeRoa}, Marc and Slater, Greg},
	date = {2020},
	langid = {english},
	file = {2020 - Guide to SDO Data Analysis.pdf:/home/hasith/Zotero/storage/36LJYBWD/2020 - Guide to SDO Data Analysis.pdf:application/pdf},
}

@online{noauthor_magneticfields_nodate,
	title = {{MagneticFields} - {JSOC}\_wiki},
	url = {http://jsoc.stanford.edu/jsocwiki/MagneticField},
	titleaddon = {{MagneticFields} - {JSOC}\_wiki},
}

@online{noauthor_sdo_nodate,
	title = {{SDO}},
	url = {https://lasp.colorado.edu/home/missions/sdo/},
	abstract = {The Solar Dynamics Observatory ({SDO}) is the first mission to be launched for {NASA}’s Living With a Star Program, a program designed to understand the causes of solar variability and its impacts on Earth. {SDO} is designed to help us understand the Sun’s influence on Earth and near-Earth space by studying the solar atmosphere on … {SDO} Read More »},
	titleaddon = {Laboratory for Atmospheric and Space Physics},
	urldate = {2022-09-06},
	langid = {american},
	file = {Snapshot:/home/hasith/Zotero/storage/IGKY2NJB/sdo.html:text/html},
}

@online{noauthor_evedatasummarypng_nodate,
	title = {evedatasummary.png ({PNG} Image, 1067 × 1201 pixels) — Scaled (75\%)},
	url = {https://www.lmsal.com/sdodocs/doc/dcur/SDOD0060.zip/zip/entry/figures/evedatasummary.png},
	urldate = {2022-09-06},
	file = {evedatasummary.png (PNG Image, 1067 × 1201 pixels) — Scaled (75%):/home/hasith/Zotero/storage/HTEZPSNT/evedatasummary.html:text/html},
}

@online{noauthor_soho_nodate,
	title = {{SOHO} Pick of The Week},
	url = {https://soho.nascom.nasa.gov/pickoftheweek/old/05oct2012/},
	urldate = {2022-09-13},
	file = {SOHO Pick of The Week:/home/hasith/Zotero/storage/K2DRJ6DJ/05oct2012.html:text/html},
}

@online{zell_cme_2014,
	title = {{CME} {WEEK}: What To See in {CME} Images},
	url = {http://www.nasa.gov/content/goddard/what-to-see-in-cme-images},
	shorttitle = {{CME} {WEEK}},
	abstract = {{NASA}.gov brings you the latest images, videos and news from America's space agency. Get the latest updates on {NASA} missions, watch {NASA} {TV} live, and learn about our quest to reveal the unknown and benefit all humankind.},
	titleaddon = {{NASA}},
	type = {Text},
	author = {Zell, Holly},
	urldate = {2022-09-13},
	date = {2014-09-23},
	file = {Snapshot:/home/hasith/Zotero/storage/A5RL8HXN/what-to-see-in-cme-images.html:text/html},
}

@online{noauthor_stereo_nodate,
	title = {{STEREO}},
	url = {https://stereo.gsfc.nasa.gov/gallery/item.php?id=selects&iid=174},
	urldate = {2022-09-13},
	file = {STEREO:/home/hasith/Zotero/storage/IMU2P94X/item.html:text/html},
}